% Encoding: UTF-8

@book{metodologia,
	author = {FREITAS FILHO, P. J.},
	title = {Introdução à Modelagem e Simulação de Sistemas Com Aplicações em Arena},
	publisher = {Visual Book},
	year = {2001}
}

@book{motiva,
	author = {Ricardo José Rabelo},
	title = {Trabalho Final da Disciplina},
	journal = {DAS-UFSC},
	year = {2021}
}

@misc{ecochato,
	author = {Menos 1 Lixo},
	title = {Trabalho Final da Disciplina},
	howpublished = "\url{https://www.menos1lixo.com.br/posts/a-industria-que-mais-consome-agua-no-mundo}",
  year = {2019}, 
  note = "[Online; acesso em 16-Maio-2021]"
}

